02RETORNO01COBRANCA       44290010632484000000TECHEASY                      001BANCO DO BRASIL2012170000425                      000000646105077598  2234561                                                                                                                                                                                                                                              000001
70000000000000000442900106324842234561                         2234561000002570770001501AI 01900000000000 170615062051236                         100820000000000650000114362010806200000450000000000000000000000000000000000000000000000000000000000000000000000000155050000000000017500000000000000000000000000000000000622520000000000000          0000000000000000000000000000000000000000000000001007000002
9201001          000000020000002216824100000141          000000000000000000000000000000          000000000000000000000000000000          000000000000000000000000000000                                                  000000000000000000000000000000                                                                                                                                                   000022
