02RETORNO01COBRANCA       44290010632484000000TECHEASY                      001BANCO DO BRASIL2012170000425                      000000646105077598  2234561                                                                                                                                                                                                                                              000001
70000000000000000442900106324842234561                         2234561000002540570007601AI 01900000000000 1706070620123123123                     051020000000000650000111517010706200000450000000000000000000000000000000000000000000000000000000000000000000000000006858000000000035800000000000000000000000000000000000640820000000000000          0000000000000000000000000000000000000000000000001007000001
70000000000000000442900106324842234561                         2234561000002570770001501AI 01900000000000 170607062051234                         051220000000000650000114362010806200000450000000000000000000000000000000000000000000000000000000000000000000000000200000000000000017500000000000000000000000000000000000622520000000000000          0000000000000000000000000000000000000000000000001007000002
9201001          000000020000002216824100000141          000000000000000000000000000000          000000000000000000000000000000          000000000000000000000000000000                                                  000000000000000000000000000000                                                                                                                                                   000022
